<?xml version="1.0" encoding="UTF-8"?><record xmlns="http://www.loc.gov/MARC21/slim" xmlns:cinclude="http://apache.org/cocoon/include/1.0" xmlns:zs="http://www.loc.gov/zing/srw/">
  <leader>00423nz  a2200121n  4500</leader>
  <controlfield tag="001">n  88051703 </controlfield>
  <controlfield tag="003">DLC</controlfield>
  <controlfield tag="005">19880714070848.2</controlfield>
  <controlfield tag="008">880524n| acannaab|          |n aaa ||| b</controlfield>
  <datafield tag="010" ind1=" " ind2=" ">
    <subfield code="a">n  88051703 </subfield>
  </datafield>
  <datafield tag="040" ind1=" " ind2=" ">
    <subfield code="a">DNLM</subfield>
    <subfield code="c">DLC</subfield>
  </datafield>
  <datafield tag="100" ind1="1" ind2="0">
    <subfield code="a">Millar, Anthony P.</subfield>
  </datafield>
  <datafield tag="670" ind1=" " ind2=" ">
    <subfield code="a">His Sports injuries and their management, c1987:</subfield>
    <subfield code="b">t.p. (Anthony P. Millar, OBE, MB, FRACP, FACRM, dir. of research, Inst. of Sports Medicine, Lewisham, NSW, Australia)</subfield>
  </datafield>
</record>